@article{Sotesz1973,
  title="Les transports aux Cent-îles du lac Saint-Pierre : l’équilibre ou l’éclatement d’un pays",
  author="Soltész, Joseph ; De Koninck, Rodolphe",
  journal="Cahiers de géographie du Québec",
  volume="17",
  number="42",
  pages="449--464",
  year="1973",
  publisher="Département de géographie de l'Université Laval",
  doi="https://doi.org/10.7202/021147ar"
}

