% Encoding: UTF-8

@Article{Peloquin2013,
  author       = {Claude Péloquin},
  date         = {2013},
  journaltitle = {Geoforum},
  title        = {Locust swarms and the spatial techno-politics of the {F}rench {R}esistance in {W}orld {W}ar {II}},
  doi          = {10.1016/j.geoforum.2013.06.005},
  pages        = {103--113},
  volume       = {49},
  file         = {:Peloquin2013Geoforum.pdf:PDF},
  groups       = {mespublications, criquetspelerins},
  journal      = {Geoforum},
  publisher    = {Elsevier {BV}},
  year         = {2013},
}

@Article{PeloquinBerkes2009,
  author    = {Claude Péloquin and Fikret Berkes},
  title     = {Local knowledge, subsistence harvests, and social{\textendash}ecological complexity in {J}ames {B}ay},
  doi       = {10.1007/s10745-009-9255-0},
  number    = {5},
  pages     = {533--545},
  volume    = {37},
  file      = {:PeloquinBerkes2009HumEcol.pdf:PDF},
  groups    = {mespublications},
  journal   = {Human Ecology},
  publisher = {Springer Science and Business Media {LLC}},
  year      = {2009},
}

@Article{Bousquet2015,
  author    = {Fran{\c{c}}ois Bousquet and Paul Robbins and Claude Péloquin and Olivier Bonato},
  title     = {The {PISA} grammar decodes diverse human{\textendash}environment approaches},
  doi       = {10.1016/j.gloenvcha.2015.06.013},
  pages     = {159--171},
  volume    = {34},
  file      = {:Bousquet2015.pdf:PDF},
  groups    = {mespublications},
  journal   = {Global Environmental Change},
  publisher = {Elsevier {BV}},
  year      = {2015},
}

@Thesis{Peloquin2014,
  author      = {Claude Péloquin},
  date        = {2014},
  institution = {University of Arizona},
  title       = {Unruly Nature and Technological Authority: Governing Locust Swarms in the {S}ahel},
  type        = {phdthesis},
  location    = {Tucson},
  note        = {Geography},
  file        = {:Peloquin2014Dissertation.pdf:PDF},
  groups      = {mespublications, criquetspelerins},
}

@InBook{Peloquin2017,
  author    = {Claude Péloquin},
  booktitle = {The Routledge Handbook of the Political Economy of Science},
  date      = {2017},
  title     = {Postcolonial technoscience and development aid: Insights from the political economy of locust control expertise},
  chapter   = {28},
  editor    = {David Tyfield and Rebecca Lave and Samuel Randalls and Charles Thorpe},
  location  = {London and New York},
  publisher = {Routledge},
  file      = {:Peloquin2017PostcolonialTechnoscience.pdf:PDF},
  groups    = {mespublications, criquetspelerins},
}

@Thesis{Peloquin2008,
  author      = {Claude Péloquin},
  date        = {2008},
  institution = {University of Manitoba},
  title       = {Variability, change and continuity in social-ecological systems: Insights from {J}ames {B}ay {C}ree cultural ecology},
  type        = {mathesis},
  location    = {Winnipeg},
  note        = {Natural Resource Management},
  groups      = {mespublications},
}

@Article{Sammler2019,
  author       = {Katherine G. Sammler},
  date         = {2918},
  journaltitle = {Territory, Politics, Governance,},
  title        = {The rising politics of sea level: demarcating territory in a vertically relative world},
  doi          = {10.1080/21622671.2019.1632219},
  pages        = {1--17},
  file         = {:Sammler2019.pdf:PDF},
  journal      = {Territory, Politics, Governance},
  month        = {jun},
  publisher    = {Informa {UK} Limited},
  year         = {2019},
}

@Article{Reynaud1990,
  author       = {Alain Reynaud},
  date         = {1990},
  journaltitle = {Espace géographique},
  title        = {La naissance de l'essai géographique},
  issue        = {3},
  pages        = {273-278},
  volume       = {19-20},
  file         = {:Reynaud1990.pdf:PDF},
  groups       = {essaismilieus},
}

@Book{Trepanier2019,
  author    = {Louis-Nicolas Trépanier},
  date      = {2019},
  title     = {Les Terres},
  location  = {Montréal},
  pages     = {86},
  publisher = {XYZ Éditeur},
  groups    = {essaismilieus},
}

@Book{DeKonninck2000,
  author    = {Rodolphe De Konninck},
  date      = {2000},
  title     = {Les Cent-Îles du Lac {S}aint-{P}ierre},
  publisher = {Les Presses de l'Université Laval},
  subtitle  = {Retour aux sources et nouveaux enjeux},
  groups    = {essaismilieus, sainteannedesorel},
}

@Book{Guevremont1990,
  author    = {Germaine Guèvremont},
  date      = {1990},
  title     = {Le Survenant},
  publisher = {Bibliothèque Québécoise},
  groups    = {sainteannedesorel},
}

@Book{Reclus1869,
  author   = {Elisée Reclus},
  date     = {1869},
  title    = {Histoire d'un ruisseau},
  location = {Paris},
  groups   = {essaismilieus},
  journal  = {J. Hetzel},
}

@Comment{jabref-meta: databaseType:biblatex;}

@Comment{jabref-meta: grouping:
0 AllEntriesGroup:;
1 StaticGroup:mespublications\;0\;1\;0x8a8a8aff\;\;\;;
1 StaticGroup:criquetspelerins\;0\;1\;0x8a8a8aff\;\;\;;
1 StaticGroup:sainteannedesorel\;0\;1\;0x8a8a8aff\;\;\;;
1 StaticGroup:essaismilieus\;0\;0\;0x8a8a8aff\;\;\;;
}
