% Encoding: UTF-8
@Book{DeKoninck2000,
  author    = {De Koninck, Rodolphe},
  date      = {2000},
  title     = {Les Cent-Îles du Lac {S}aint-{P}ierre},
  publisher = {Les Presses de l'Université Laval},
  subtitle  = {Retour aux sources et nouveaux enjeux},
  groups    = {essaismilieus, sainteannedesorel},
}

@Book{Guevremont1990,
  author    = {Germaine Guèvremont},
  date      = {1990},
  title     = {Le Survenant},
  publisher = {Bibliothèque Québécoise},
  groups    = {sainteannedesorel},
}
@Article{Langevin1984,
  author    = {Langevin, Jean},
  journal   = {Cahiers de géographie du Québec},
  title     = {Notes choronymiques sur l’île de Grâce ou le témoignage d’un territoire nommé},
  year      = {1984},
  number    = {73-74},
  pages     = {241--259},
  volume    = {28},
  doi       = {https://doi.org/10.7202/021658ar},
  publisher = {Département de géographie de l'Université Laval},
}

@Article{DorionHamelin1966,
  author    = {Dorion, Henri ; Hamelin, Louis-Edmond},
  journal   = {Cahiers de géographie du Québec},
  title     = {De la toponymie traditionnelle à une choronymie totale},
  year      = {1966},
  number    = {20},
  pages     = {195--211},
  volume    = {10},
  doi       = {https://doi.org/10.7202/020624ar},
  publisher = {Département de géographie de l'Université Laval},
}

@Comment{jabref-meta: databaseType:bibtex;}
