% Encoding: UTF-8

@Article{Reynaud1990,
  author       = {Alain Reynaud},
  date         = {1990},
  journaltitle = {Espace géographique},
  title        = {La naissance de l'essai géographique},
  issue        = {3},
  pages        = {273-278},
  volume       = {19-20},
  file         = {:Reynaud1990.pdf:PDF},
  groups       = {essaismilieus},
}

@Book{Trepanier2019,
  author    = {Louis-Nicolas Trépanier},
  date      = {2019},
  title     = {Les Terres},
  location  = {Montréal},
  pages     = {86},
  publisher = {XYZ Éditeur},
  groups    = {essaismilieus},
}

@Book{DeKonninck2000,
  author    = {Rodolphe De Konninck},
  date      = {2000},
  title     = {Les Cent-Îles du Lac {S}aint-{P}ierre},
  publisher = {Les Presses de l'Université Laval},
  subtitle  = {Retour aux sources et nouveaux enjeux},
  groups    = {essaismilieus, sainteannedesorel},
}

@Book{Guevremont1990,
  author    = {Germaine Guèvremont},
  date      = {1990},
  title     = {Le Survenant},
  publisher = {Bibliothèque Québécoise},
  groups    = {sainteannedesorel},
}

@Book{Reclus1869,
  author   = {Elisée Reclus},
  date     = {1869},
  title    = {Histoire d'un ruisseau},
  location = {Paris},
  groups   = {essaismilieus},
  journal  = {J. Hetzel},
}